Productos
Elige tu código postal
Inicia sesión
0,00 €
Tu supermercado online
¿Sabes que podemos adaptar nuestro surtido a tu código postal?
Elige código postal
CLUB Dia
¿Conoces el CLUB Dia?
Folletos
Descubre nuestros folletos
Tiendas
Localiza tus tiendas más cercanas
Ofertas para alegrarte el día
Oferta exclusiva CLUB Dia
Galletas Cuétara María Oro bolsa 600 g
3,39 €
20% dto.
2,71 €
(4,52 €/KILO)
Añadir
Oferta exclusiva CLUB Dia
Galletas de cacao rellenas de crema Oreo caja 220 g
2ª ud al 50% dto. en galletas oreo 220 g
2,35 €
(10,68 €/KILO)
Añadir
Oferta exclusiva CLUB Dia
Cereales integrales con chocolate y caramelo Nestlé Lion caja 400 g
3,99 €
24% dto.
3,00 €
(7,50 €/KILO)
Añadir
Oferta exclusiva CLUB Dia
Leche desnatada calcio Puleva brik 1 l
1,60 €
19% dto.
1,29 €
(1,29 €/LITRO)
Añadir
Oferta exclusiva CLUB Dia
Café molido natural gran aroma Marcilla bolsa 250 g
2ª ud 30% dto. cafés molidos marcilla 250 g
3,45 €
(13,80 €/KILO)
Añadir
Oferta exclusiva CLUB Dia
Café en cápsulas Colombia descafeinado Nescafé Farmers Origins caja 10 unidades
3,69 €
18% dto.
3,00 €
(0,30 €/UNIDAD)
Añadir
Oferta exclusiva CLUB Dia
Puré manzana y plátano Nestlé bolsa 90 g
Sin gluten
1,29 €
22% dto.
1,00 €
(11,11 €/KILO)
Añadir
Queso fundido original en porciones La vaca que ríe caja 250 g
Mini fuet Campofrío bolsa 50 g
Néctar light piña Juver Disfruta brik 6 x 200 ml
Aceitunas verdes sin hueso Jolca bolsa 90 g
Patatas fritas sabor crema y cebolla Pringles bote 165 g
Diariamente frescos
Naranja especial para zumo malla 4 Kg
3,95 €
(0,99 €/KILO)
Añadir
Manzana golden bolsa 1 Kg
1,49 €
(1,49 €/KILO)
Añadir
Aguacate granel 750 g
2,99 €
(3,99 €/KILO)
Añadir
Calabacín unidad aprox. 475 g
0,76 €
(1,59 €/KILO)
Añadir
Cuartos traseros de pollo Selección de Dia bandeja 650 g
2,40 €
20% dto.
1,92 €
(2,95 €/KILO)
Añadir
Filetes de pechuga de pavo Selección de Dia bandeja 575 g
5,17 €
20% dto.
4,13 €
(7,19 €/KILO)
Añadir
Hamburguesas de vacuno Selección de Dia bandeja 540 g
Sin lactosa
4,89 €
20% dto.
3,89 €
(7,20 €/KILO)
Añadir
Escalopines de ternera Selección de Dia bandeja 350 g
Medallón de cadera vacuno Selección de Dia bandeja 235 g
Cogollos bandeja 3 unidades
Tomate cherry bandeja 400 g
Pimientos tricolor bolsa 500 g
Refresca tu Dia a Dia
Oferta exclusiva CLUB Dia
Refresco de naranja Upss lata 33 cl
4 uds por sólo 1 eur refresco Dia upss 33 cl
0,38 €
(1,15 €/LITRO)
Añadir
Oferta exclusiva CLUB Dia
Refresco de naranja Upss botella 2 l
0,95 €
27% dto.
0,69 €
(0,35 €/LITRO)
Añadir
Oferta exclusiva CLUB Dia
Refresco de limón 6% zumo con gas Upss botella 2 l
0,95 €
16% dto.
0,79 €
(0,40 €/LITRO)
Añadir
Oferta exclusiva CLUB Dia
Refresco de té al limón Upss lata 33 cl
3 uds por sólo 1 eur té limón Dia upss 33 cl
0,50 €
(1,52 €/LITRO)
Añadir
Oferta exclusiva CLUB Dia
Refresco de té al limón Upss botella 1.5 l
0,99 €
20% dto.
0,79 €
(0,53 €/LITRO)
Añadir
Oferta exclusiva CLUB Dia
Refresco de té al melocotón Upss botella 1.5 l
0,99 €
20% dto.
0,79 €
(0,53 €/LITRO)
Añadir
Oferta exclusiva CLUB Dia
Bitter Bobby Bitter lata 25 cl
2 uds por sólo 1 eur bitter Dia bobby 25 cl
0,55 €
(2,20 €/LITRO)
Añadir
Tónica Toni Tónico lata 33 cl
Refresco de cola Hola Cola botella 4 x 2 l
Refresco de cola zero Hola Cola lata 12 x 33 cl
Refresco de cola zero sin cafeína Hola Cola lata 6 x 33 cl
Gaseosa cero Gaseosa botella 1.5 l
¿Has probado nuestros productos?
Jamón serrano reserva Nuestra Alacena bandeja 200 g
Sin gluten | Sin lactosa
3,59 €
25% dto.
2,69 €
(13,45 €/KILO)
Añadir
Oferta exclusiva CLUB Dia
Jamón de cebo ibérico 50% Nuestra Alacena bandeja 90 g
4,89 €
25% dto.
3,65 €
(40,56 €/KILO)
Añadir
Oferta exclusiva CLUB Dia
Salami extra Nuestra Alacena bandeja 200 g
Sin gluten
1,75 €
26% dto.
1,29 €
(6,45 €/KILO)
Añadir
Oferta exclusiva CLUB Dia
Jamón cocido extra bajo en sal Nuestra Alacena sobre 200 g
Sin gluten | Sin lactosa
1,99 €
25% dto.
1,49 €
(7,45 €/KILO)
Añadir
Oferta exclusiva CLUB Dia
Chorizo de pamplona extra Nuestra Alacena bandeja 2 x 112.5 g
Sin gluten
2,06 €
19% dto.
1,65 €
(7,33 €/KILO)
Añadir
Oferta exclusiva CLUB Dia
Jamón cocido extra 97% carne Nuestra Alacena sobre 150 g
Sin gluten | Sin lactosa
1,99 €
25% dto.
1,49 €
(9,93 €/KILO)
Añadir
Oferta exclusiva CLUB Dia
Bacon en tiras Nuestra Alacena bandeja 2 x 100 g
Sin gluten | Sin lactosa
1,68 €
17% dto.
1,39 €
(6,95 €/KILO)
Añadir
Lacón ahumado Nuestra Alacena sobre 200 g
Queso mozzarella Dia Láctea sobre 200 g
Queso fresco natural Dia Láctea tarrina 4 x 62.5 g
Queso de oveja curado El cencerro 250 g
Rulo de queso de cabra Dia Lactea 140 g
Dia de peli y manta
Palomitas con sal Snack Maniac caja 270 g
Sin gluten
1,10 €
(4,07 €/KILO)
Añadir
Palomitas sabor mantequilla Snack Maniac caja 270 g
1,35 €
(5,00 €/KILO)
Añadir
Maíz para palomitas Snack Maniac bolsa 500 g
1,53 €
(3,06 €/KILO)
Añadir
Palomitas de maíz con sal Snack Maniac bolsa 80 g
1,10 €
(13,75 €/KILO)
Añadir
Patatas fritas gourmet extra crujientes Snack Maniac bolsa 150 g
Sin gluten
1,50 €
(10,00 €/KILO)
Añadir
Patatas artesanas a la sartén Snack Maniac bolsa 2 x 150 g
Sin gluten
1,75 €
(5,83 €/KILO)
Añadir
Patatas fritas lisas al punto de sal Snack Maniac bolsa 200 g
Sin gluten
1,29 €
(6,45 €/KILO)
Añadir
Patatas light Snack Maniac bolsa 150 g
Patatas fritas onduladas Snack Maniac bolsa 180 g
Patatas fritas onduladas sabor jamón Snack Maniac bolsa 170 g
Patatas fritas campesinas Snack Maniac bolsa 170 g
Patatas sabor queso curado Snack Maniac bolsa 150 g
Ofertas exclusivas en Dia.es
* Promociones Skip y Mimosín, y sorteos Mondelez y Danone Actimel, exclusivos en Dia.es válidos hasta el 27/02/2024.
* Promociones Hero y Ultima Affinity exclusivas en Dia.es válidas hasta el 27/02/2024.
¿Conoces nuestras marcas?
Dia Supermercado Online
Dia se adapta a tus necesidades y hoy en día lo que nos falta es tiempo. Por eso, en Dia Supermercado Online queremos regalarte tiempo para ti y para lo que tú quieras. Haz la compra desde donde quieras y disfruta de nuestras ofertas online.

¿Cuánto cuesta la entrega?
Envío por solo 4,99€. Gratis en compras superiores a 100€. El servicio de Envío en 1h tiene un coste de 4,99€.

¿Cuándo recibo mi pedido?
Recibe tu pedido en el mismo día. Elige la entrega en franjas de 2 horas (franjas de 1 hora disponibles en Madrid y Barcelona y las principales capitales de provincia) de lunes a sábado de 10h a 22h (8h a 22h en Madrid), disponible también los domingos por la mañana en Madrid. Además, ofrecemos un servicio de Envío en 1h en ciudades como Madrid, Barcelona, Sevilla, Almería, Valencia, Huelva, Málaga, Alicante, Valladolid y Guadalajara.

¿Puedo pedir online desde cualquier lugar de España?
Actualmente, estamos presentes en la mayoría de las capitales de provincia, llegando a más de 1800 poblaciones en total. Descubre cuál es el supermercado más cerca de ti. Ofrecemos nuestro servicio de supermercado online en Madrid y otras principales ciudades como Barcelona, Valencia, Sevilla, Málaga, y la mayor parte del territorio nacional.

¿Cómo puedo comprar en dia.es?
Si eres nuevo en esto de comprar por Internet, te explicamos paso a paso cómo hacer la compra online en nuestro supermercado. Además, tenemos para ti una selección de comida preparada a domicilio y una sección donde puedes ver todas las marcas. ¡No te lo podemos poner más fácil! Anímate y realiza tu primera compra con este cupón de 20€ descuento en el supermercado online de Dia. Descubre las ofertas del Supermercado Online de Dia y prepara magníficas elaboraciones.

¿Cómo puedo resolver más dudas?
Si tienes alguna duda, tienes a tu disposición: nuestro teléfono, 912 17 04 53; nuestro WhatsApp, 686 20 20 90 o también puedes enviar un email a servicio.clientes@diagroup.com.
Dia Supermercado online
Pide hoy, recibe hoy
Entrega rápida y en la franja horaria que mejor te venga.
Envío desde 4,99€
Envío estándar por 4,99€. Gratis con +100€. Envío express por 4,99€.
Encuentra tu tienda
Localiza tu tienda y descubre las mejores ofertas.
Folletos
Descubre las mejores Ofertas.
Tarjeta CLUB Dia
Solicita tu tarjeta y disfruta las ventajas del club.
Glovo, Uber Eats y Just Eat
Solicita tu factura de Glovo, Uber Eats o Just Eat
EL BLOG DE DIA
·
RECETAS
·
EMPLEO
·
COLABORA CON DIA
·
ABRE TU TIENDA
·
DIA CORPORATE
Español
Atención al cliente
Política de privacidad
Aviso legal
Condiciones de compra