OMET I VÉS AL CONTINGUT
OMET I VÉS A LA CERCA
OMET I VÉS AL PEU DE PÀGINA
Ofertes
Especial Calçotades
Carnaval
Vegetarians i vegans
Celler
Frescos
Productes Km0
BPas
On servim a domicili
IDENTIFICA’T
TRIA DATA
VALIDA LA COMPRA
0,00 €
Mínim: 35,00 €
SUPERMERCAT
OFERTES
PREFERITS
LLISTES
PRODUCTES RECURRENTS
SupermercatNeteja i llarDrogueriaDetergents
Ordena
PRIMER ELS PREFERITS
Filtra
MARQUES
CARACTERÍSTIQUES
Categories
Per roba de color
Per roba blanca
Per roba delicada
Per tot tipus de roba
Blanquejadors, additius i tints
Llevataques
Anticalç
En oferta
NORIT Detergent líquid de 35 dosis
Abans 8,95€
1.75L
(3,99 € per litre)
6,99 €
AFEGEIX
COLON Detergent líquid Nenuco de 45 dosis
Abans 7,99€
2.025L
(3,35 € per litre)
6,79 €
AFEGEIX
DIXAN Detergent Líquid blau
Lot estalvi a 13,99 euros/lot. Clica aquí
1.35L
(5,30 € per litre)
7,15 €
AFEGEIX
SANYTOL Desinfectant tèxtil
Abans 2,95€
0.5L
(3,98 € per litre)
1,99 €
AFEGEIX
SANYTOL Llevataques
2a unitat 50% de descompte
0.45kg
(11,44 € per quilo)
5,15 €
AFEGEIX
WIPP Detergent líquid net i llis de 55 dosis
2a unitat 50% de descompte
2.475L
(7,49 € per litre)
18,55 €
AFEGEIX
COLON Detergent líquid gel bàsic de 40 dosis
Abans 6,49€
2L
(2,75 € per litre)
5,49 €
AFEGEIX
ARIEL Detergent líquid Poder Llevataques de 38 dosis
Abans 13,29€
1.9L
(5,26 € per litre)
9,99 €
AFEGEIX
BOTANICAL Detergent líquid espígol ecològic de 35 dosis
2a unitat 50% de descompte
1.575L
(8,22 € per litre)
12,95 €
AFEGEIX
ARIEL Detergent líquid Poder Llevataques de 12 càpsules
Abans 6,79€
12 per paquet
(0,42 € per article)
4,99 €
AFEGEIX
VANISH OXI ACTION Llevataques pols
2a unitat 50% de descompte
0.9kg
(13,61 € per quilo)
12,25 €
AFEGEIX
VANISH Llevataques pols blanc Oxi Action
2a unitat 50% de descompte
0.9L
(13,61 € per litre)
12,25 €
AFEGEIX
COLON Detergent líquid de 32 càpsules
2a unitat 50% de descompte
32 per paquet
(0,35 € per article)
11,35 €
AFEGEIX
Altres
BONPREU Detergent líquid Marsella tradicional de 46 dosis
2.99L
(1,20 € per litre)
3,60 €
AFEGEIX
BONPREU Detergent Marsella bàsic de 61 dosis
4L
(1,16 € per litre)
4,65 €
AFEGEIX
BONPREU Detergent ecològic amb sabó vegetal de 24 dosis
1.45L
(2,38 € per litre)
3,45 €
AFEGEIX
BONPREU Detergent líquid frescor blava de 46 dosis
3L
(1,17 € per litre)
3,50 €
AFEGEIX
KH-7 Recanvi llevataques
0.75L
(5,80 € per litre)
4,35 €
AFEGEIX
DIXAN Detergent líquid blau de 40 dosis
1.8L
(4,77 € per litre)
8,59 €
AFEGEIX
BONPREU Tovalloletes atrapadores de color
20 per paquet
(0,10 € per article)
1,95 €
AFEGEIX
ARIEL Detergent líquid original de 36 dosis
1.8L
(6,99 € per litre)
12,59 €
AFEGEIX
SANYTOL Desinfectant tèxtil
1.2L
(4,99 € per litre)
5,99 €
AFEGEIX
COLON Detergent líquid de 34 dosis
1.53L
(6,07 € per litre)
9,29 €
AFEGEIX
DETERSOLÍN Detergent líquid rentat mixte de 37 dosis
1.85L
(2,95 € per litre)
5,45 €
AFEGEIX
ARIEL Detergent líquid 3 en 1 de 25 càpsules
25 per paquet
(0,52 € per article)
12,99 €
AFEGEIX
NORIT Detergent líquid especial nadons de 32 dosis
1.125L
(3,55 € per litre)
3,99 €
AFEGEIX
KH-7 Llevataques roba
0.75L
(6,47 € per litre)
4,85 €
AFEGEIX
BONPREU Detergent Marsella Espígol de 30 dosis
1.95L
(1,82 € per litre)
3,55 €
AFEGEIX
NORIT Detergent líquid roba negra de 28 dosis
1.5L
(3,83 € per litre)
5,75 €
AFEGEIX
ARIEL Detergent líquid sensacions de 24 dosis
1.2L
(9,32 € per litre)
11,19 €
AFEGEIX
DIXAN Detergent líquid blau de 55 dosis
2.475L
(4,64 € per litre)
11,49 €
AFEGEIX
NORIT Detergent líquid delicat de 37 dosis
1.125L
(3,55 € per litre)
3,99 €
AFEGEIX
ARIEL Detergent líquid original de 90 dosis
4.95L
(4,44 € per litre)
21,99 €
AFEGEIX
IBERIA PROTECT Tovalloletes captura colors
15 per paquet
(0,23 € per article)
3,49 €
AFEGEIX
ARIEL Detergent líquid total de 29 dosis
1.45L
(5,24 € per litre)
7,60 €
AFEGEIX
BONPREU Higienitzant tèxtil
1L
(2,10 € per litre)
2,10 €
AFEGEIX
BONPREU Gel anticalç per rentadora
0.75L
(3,13 € per litre)
2,35 €
AFEGEIX
BONPREU Detergent líquid roba negra 30 dosis
1.5L
(2,80 € per litre)
4,20 €
AFEGEIX
ARIEL Detergent líquid Poder Llevataques de 19 dosis
19 per paquet
(0,63 € per article)
11,89 €
AFEGEIX
BONPREU Detergent líquid roba de color de 46 dosis
3L
(1,42 € per litre)
4,25 €
AFEGEIX
BONPREU Detergent líquid roba delicada de 66 dosis
2L
(1,25 € per litre)
2,50 €
AFEGEIX
DIXAN Detergent líquid "Adéu al Separar" de 40 dosis
40 per paquet
(0,21 € per article)
8,59 €
AFEGEIX
BONPREU Activador rentada
20 per paquet
(0,09 € per article)
1,75 €
AFEGEIX
OMINO BIANCO Detergent Líquid Marsella
1.8L
(5,55 € per litre)
9,99 €
AFEGEIX
KH-7 Llevataques acolorides
0.75L
(6,47 € per litre)
4,85 €
AFEGEIX
ARIEL Detergent líquid bàsic de 32 dosis
1.55L
(5,00 € per litre)
7,75 €
AFEGEIX
MICOLOR Detergent líquid "adiós al separar" de 30 dosis
30 per paquet
(0,22 € per article)
6,50 €
AFEGEIX
WIPP Detergent líquid blau de 28 dosis
1.26L
(7,13 € per litre)
8,99 €
AFEGEIX
BONPREU Detergent en pols de 33 dosis
2.145kg
(2,19 € per quilo)
4,69 €
AFEGEIX
BONPREU Perfumador líquid per roba 37 dosis
0.75L
(4,20 € per litre)
3,15 €
AFEGEIX
NEUTREX Llevataques Color
0.95L
(3,46 € per litre)
3,29 €
AFEGEIX
BONPREU Llevataques efecte Oxy
0.75L
(2,65 € per litre)
1,99 €
AFEGEIX
MICOLOR Detergent líquid colors vius de 30 dosis
1.35L
(6,26 € per litre)
8,45 €
AFEGEIX
CALGON Gel anticalç 4 en 1
0.75L
(11,99 € per litre)
8,99 €
AFEGEIX
DETERSOLÍN Detergent líquid de 37 dosis
1.85L
(2,95 € per litre)
5,45 €
AFEGEIX
COLON Detergent líquid gel actiu de 74 dosis
3.33L
(4,80 € per litre)
15,99 €
AFEGEIX
BONPREU Anticalç per a la rentadora
40 per paquet
(0,08 € per article)
3,25 €
AFEGEIX
ARIEL Detergent líquid 3 en 1 sensacions de 19 càpsules
19 per paquet
(0,63 € per article)
11,89 €
AFEGEIX
NEUTREX Llevataques blanc pur
0.95L
(3,46 € per litre)
3,29 €
AFEGEIX
NORIT Detergent líquid pell sensible de 40 dosis
2.12L
(3,30 € per litre)
6,99 €
AFEGEIX
BONPREU Detergent líquid de 32 càpsules
32 per paquet
(0,18 € per article)
5,79 €
AFEGEIX
DIXAN Detergent líquid tricaps de 23 càpsules
23 per paquet
(0,35 € per article)
7,99 €
AFEGEIX
WIPP Detergent líquid de 35 dosis
1.575L
(7,36 € per litre)
11,59 €
AFEGEIX
VANISH OXI ACTION Llevataques
0.75L
(5,99 € per litre)
4,49 €
AFEGEIX
PUNTOMATIC Detergent en pastilla roba blanca
8 per paquet
(0,12 € per article)
0,99 €
AFEGEIX
NORIT Detergent concentrat roba color de 28 dosis
1.5L
(3,83 € per litre)
5,75 €
AFEGEIX
ARIEL Detergent en pols de 30 dosis
1.95kg
(5,94 € per quilo)
11,59 €
AFEGEIX
DIXAN Detergent líquid blau de 72 dosis
3.24L
(4,41 € per litre)
14,29 €
AFEGEIX
BONPREU Activador de rentada oxigen actiu
1kg
(3,10 € per quilo)
3,10 €
AFEGEIX
WIPP Detergent líquid anti olors de 35 dosis
1.57L
(7,38 € per litre)
11,59 €
AFEGEIX
BONPREU Detergent líquid rosa mosqueta de 30 dosis
1.95L
(1,82 € per litre)
3,55 €
AFEGEIX
BONPREU Detergent líquid en càpsules 2 en 1
24 per paquet
(0,19 € per article)
4,60 €
AFEGEIX
ASEVI Detergent líquid rosa mosqueta de 40 dosis
2.28L
(1,95 € per litre)
4,45 €
AFEGEIX
VANISH OXI ACTION Llevataques pols
0.45kg
(14,20 € per quilo)
6,39 €
AFEGEIX
BONPREU Detergent líquid roba de nadó de 50 dosis
1.5L
(2,43 € per litre)
3,65 €
AFEGEIX
ARIEL Detergent líquid Poder Llevataques de 24 dosis
1.2L
(9,32 € per litre)
11,19 €
AFEGEIX
DETERSOLIN Detergent líquid esport de 37 dosis
37 per paquet
(0,15 € per article)
5,45 €
AFEGEIX
COLON Netejador de rentadores
0.25L
(21,80 € per litre)
5,45 €
AFEGEIX
ELENA Detergent en pols de 85 dosis
4.25kg
(3,29 € per quilo)
13,99 €
AFEGEIX
VANISH OXI ACTION Llevataques pols roba blanca
0.45kg
(14,20 € per quilo)
6,39 €
AFEGEIX
CALGON Pastilles anticalç 4 en 1
15 per paquet
(0,60 € per article)
8,99 €
AFEGEIX
BONPREU Detergent líquid ecològic de 20 càpsules
20 per paquet
(0,22 € per article)
4,39 €
AFEGEIX
ARIEL Detergent líquid
18 per paquet
(0,38 € per article)
6,90 €
AFEGEIX
BONPREU Detergent líquid perfum floral 2en1
24 per paquet
(0,20 € per article)
4,70 €
AFEGEIX
PERLAN Detergent líquid per peces fine de 41 dosis
1.25L
(4,15 € per litre)
5,19 €
AFEGEIX
VANISH OXI ACTION Activador en gel per a roba de color Multipoder
0.75L
(9,99 € per litre)
7,49 €
AFEGEIX
BONPREU Detergent gel universal de 35 dosis
1.925L
(2,94 € per litre)
5,65 €
AFEGEIX
IBERIA Blanquejador per a roba
0.12kg
(24,92 € per quilo)
2,99 €
AFEGEIX
BONPREU Detergent líquid en càpsules Marsella de 30 càpsules
30 per paquet
(0,16 € per article)
4,75 €
AFEGEIX
FLOR Perfumador líquid blau de 36 dosis
0.75L
(6,65 € per litre)
4,99 €
AFEGEIX
FLOR Perfumador líquid rosa de 36 dosis
0.75L
(6,65 € per litre)
4,99 €
AFEGEIX
FROSCH Detergent líquid bebè ecològic de 21 dosis
1.5L
(5,33 € per litre)
7,99 €
AFEGEIX
BONPREU Detergent líquid en 20 càpsules
20 per paquet
(0,20 € per article)
3,99 €
AFEGEIX
NORIT Detergent líquid delicat a mà de 45 dosis
1.125L
(3,55 € per litre)
3,99 €
AFEGEIX
DIXAN Detergent en pols de 43 dosis
2.129kg
(5,85 € per quilo)
12,45 €
AFEGEIX
DIXAN Detergent líquid aromateràpia de 40 dosis
1.8L
(4,77 € per litre)
8,59 €
AFEGEIX
CEBRALIN Llevataques esprai
0.2L
(18,95 € per litre)
3,79 €
AFEGEIX
NEUTREX Llevataques blanc pur
0.512kg
(13,18 € per quilo)
6,75 €
AFEGEIX
VANISH OXI ACTION Activador per a roba blanca Multipoder
0.4kg
(18,73 € per quilo)
7,49 €
AFEGEIX
VANISH OXI ACTION Activador per a roba de color Multipoder
0.4kg
(18,73 € per quilo)
7,49 €
AFEGEIX
WIPP Detergent en càpsules Antiolors Express de 33 dosis
33 per paquet
(0,38 € per article)
12,49 €
AFEGEIX
CALGON Anticalç 4 en 1
1.5L
(11,33 € per litre)
16,99 €
AFEGEIX
PERLAN Detergent líquid renova negra de 25 dosis
1.5L
(5,13 € per litre)
7,69 €
AFEGEIX
VANISH OXI ACTION Activador en gel per a roba blanca Multipoder
0.75L
(9,99 € per litre)
7,49 €
AFEGEIX
BONPREU Detergent en pols de 12 dosis
0.78kg
(3,06 € per quilo)
2,39 €
AFEGEIX
CALGON Pastilles anticalç 4 en 1
0.39kg
(43,56 € per quilo)
16,99 €
AFEGEIX
VANISH Llevataques per roba blanca Oxi Action
0.75L
(5,99 € per litre)
4,49 €
AFEGEIX
WIPP Detergent líquid de 33 càpsules
33 per paquet
(0,38 € per article)
12,49 €
AFEGEIX
NEUTREX Activador taques d'axil·les
0.6L
(9,98 € per litre)
5,99 €
AFEGEIX
OMINO BIANCO Sabó de Marsella pastilla
(2,99 € per article)
2,99 €
AFEGEIX
ARIEL Detergent líquid de 24 dosis
1.2L
(7,12 € per litre)
8,55 €
AFEGEIX
SKIP Detergent líquid neteja profunda
2.3L
(4,34 € per litre)
9,99 €
AFEGEIX
COLON Detergent Líquid Sensacions
3.33L
(4,80 € per litre)
15,99 €
AFEGEIX
WIPP Detergent líquid llis sense arrugues de 35 dosis
1.57L
(7,38 € per litre)
11,59 €
AFEGEIX
SKIP Detergent líquid de 33 dosis
1.485L
(7,37 € per litre)
10,95 €
AFEGEIX
SKIP Detergent líquid màxima eficàcia de 22 càpsules
22 per paquet
(0,50 € per article)
10,95 €
AFEGEIX
NORIT Detergent líquid viatge
0.1L
(19,50 € per litre)
1,95 €
AFEGEIX
SKIP Detergent líquid fragància mimosín de 33 dosis
1.48L
(7,40 € per litre)
10,95 €
AFEGEIX
BECKMANN Llevataques de greix i oli
(2,59 € per article)
2,59 €
AFEGEIX
LAGARTO Sabó natural
3 x 0.2kg
(4,92 € per quilo)
2,95 €
AFEGEIX
BECKMANN Llevataques sang
(2,59 € per article)
2,59 €
AFEGEIX
IBERIA Tint negre
0.07kg
(42,71 € per quilo)
2,99 €
AFEGEIX
WIPP Detergent rentar a mà en pols de 12 dosis
0.5kg
(6,38 € per quilo)
3,19 €
AFEGEIX
WIPP Detergent en pols de 33 dosis
1.65kg
(7,57 € per quilo)
12,49 €
AFEGEIX
BECKMANN Llevataques bolígraf
(2,59 € per article)
2,59 €
AFEGEIX
BECKMANN Llevataques de tenyits
0.075kg
(34,53 € per quilo)
2,59 €
AFEGEIX
SKIP Detergent líquid higiene KH7 de 22 dosis
22 per paquet
(0,50 € per article)
10,95 €
AFEGEIX
BECKMANN Llevataques
(2,59 € per article)
2,59 €
AFEGEIX
BECKMANN Llevataques òxid i desodorant
(2,59 € per article)
2,59 €
AFEGEIX
ARIEL Detergent líquid Tot en 1 Original
40 per paquet
(0,45 € per article)
17,95 €
AFEGEIX
IBERIA Tint blau marí
0.07kg
(42,71 € per quilo)
2,99 €
AFEGEIX
SKIP Detergent líquid fragància Mimosín de 22 càpsules
22 per paquet
(0,50 € per article)
10,95 €
AFEGEIX
DIXAN Detergent líquid triocaps
34 per paquet
(0,34 € per article)
11,45 €
AFEGEIX
ATENCIÓ AL CLIENT 900 500 005 (24 HORES)
CONFIGURACIÓ DE COOKIES
Atenció al client
Contacte
Preguntes freqüents
Devolucions
Pagament segur
Compra online
Com funciona
Com preparem la compra
Entrega a domicili
Punts de recollida
App de compra online
Nosaltres
Qui som
Els nostres productes
Targeta client
Subscripció online BPas
Ofertes i avantatges
Altres enllaços
Ús de cookies
Condicions d'ús
Política de privacitat
Condicions d'ús del BPas
© Copyright 2018-2020 Bon Preu