Productos
Elige tu código postal
Inicia sesión
0,00 €
Charcutería y quesos
Carnicería
Pescados, mariscos y ahumados
Verduras
Frutas
Leche, huevos y mantequilla
Yogures y postres
Arroz, pastas y legumbres
Aceites, salsas y especias
Conservas, caldos y cremas
Panes, harinas y masas
Pan recien horneado
Pan de molde
Picos y panes tostados
Pan rallado
Harinas y levaduras
Masas y hojaldres
Preparados para postres
Café, cacao e infusiones
Azúcar, chocolates y caramelos
Galletas, bollos y cereales
Patatas fritas, encurtidos y frutos secos
Pizzas y platos preparados
Congelados
Agua, refrescos y zumos
Cervezas, vinos y bebidas con alcohol
Limpieza y hogar
Perfumería, higiene, salud
Bebé
Mascotas
Dia
>
Panes, harinas y masas
>
Pan recien horneado
(29)
pan recien horneado
Ordenar:
Destacados
Precio
Precio/Kg
Marca DIA
Filtros
Barra de pan El molino de Dia bolsa 250 g
0,48 €
(1,92 €/KILO)
Añadir
Chapata de cristal 2 unidades bolsa 190 g
1,71 €
(9,00 €/KILO)
Añadir
Barra de pan baguette El molino de Dia bolsa 250 g
0,54 €
(2,16 €/KILO)
Añadir
Barra de pan chapata El molino de Dia bolsa 300 g
0,65 €
(2,17 €/KILO)
Añadir
Hogaza El molino de Dia bolsa 350 g
0,99 €
(2,83 €/KILO)
Añadir
Barra de pan de picos El molino de Dia bolsa 260 g
0,68 €
(2,62 €/KILO)
Añadir
Hogaza de centeno y avena El molino de Dia bolsa 500 g
2,05 €
(4,10 €/KILO)
Añadir
Mollete de antequera mediano Horno el antequerano bolsa 280 g
1,14 €
(4,07 €/KILO)
Añadir
Pan de centeno 100% de masa madre El molino de Dia 450 g
0,99 €
(2,20 €/KILO)
Añadir
Barra de pan peregrina El molino de Dia bolsa 250 g
0,72 €
(2,88 €/KILO)
Añadir
Barra de pan integral 100% El molino de Dia bolsa 220 g
0,59 €
(2,68 €/KILO)
Añadir
Barra de pan El molino de Dia bolsa 125 g
0,27 €
(2,16 €/KILO)
Añadir
Barra de pan picado andaluz El molino de Dia bolsa 130 g
0,35 €
(2,69 €/KILO)
Añadir
Hogaza con pipas de calabaza El molino de Dia bolsa 500 g
2,05 €
(4,10 €/KILO)
Añadir
Pan candeal grande El molino de Dia bolsa 500 g
1,39 €
(2,78 €/KILO)
Añadir
Pan rústico integral en rebanadas El molino de Dia bolsa 550 g
1,69 €
(3,07 €/KILO)
Agotado
Hogaza de centeno El molino de Dia bolsa 500 g
2,05 €
(4,10 €/KILO)
Añadir
Barra de pan premium El molino de Dia bolsa 430 g
0,89 €
(2,07 €/KILO)
Añadir
Pan viena integral (10%) El molino de Dia 90 g
0,27 €
(3,00 €/KILO)
Añadir
Pan rústico en rebanadas El molino de Dia bolsa 550 g
1,59 €
(2,89 €/KILO)
Agotado
Hogaza de maíz 20% de masa madre El molino de Dia bolsa 330 g
1,29 €
(3,91 €/KILO)
Añadir
Barra de pan espiga 270 g
0,75 €
(2,78 €/KILO)
Añadir
Pan de horno de piedra El molino de Dia 600 g
1,39 €
(2,32 €/KILO)
Añadir
Barra de pan baguette con semillas La hornada Dia bolsa 250 g
0,91 €
(3,64 €/KILO)
Añadir
Pan flauta El molino de Dia 110 g
0,41 €
(3,73 €/KILO)
Agotado
Panecillo con quinoa El molino de Dia 100 g
0,48 €
(4,80 €/KILO)
Agotado
Barra de pan 8 cereales El molino de Dia caja 210 g
0,87 €
(4,14 €/KILO)
Añadir
Barra de pan parisienne El molino de Dia caja 300 g
0,74 €
(2,47 €/KILO)
Añadir
Barra de pan con sésamo y fibra blanca El molino de Dia caja 265 g
1,05 €
(3,96 €/KILO)
Añadir
Compra pan recién hecho en Dia.es. Nada supera el delicioso aroma del pan de horno recién hecho. El pan es un acompañante indispensable en desayunos, comidas, meriendas y cenas, ya sea en forma de clásico bocadillo, rebanadas o como el compañero perfecto para mojar en salsas. En Dia, hemos seleccionado una amplia variedad de pan recién horneado para que encuentres tus favoritos. Desde pan blanco recién hecho, como baguettes, pan de chapata o integral, hasta opciones más especializadas como pan de espiga, pan de sésamo y pan precocido para hornear, ofrecemos un extenso catálogo de pan para satisfacer tus preferencias. Trabajamos con marcas de calidad, como El Molino de Dia, que se encarga de hornear pan diario. Si deseas complementar tu pedido con algo para acompañar al pan, nuestra sección de charcutería y quesos cuenta con una variedad de opciones, como jamón, queso, chorizo y más. Realiza tu pedido ahora y recíbelo en el mismo día, seleccionando la franja horaria que prefieras. Disfruta de la conveniencia de la compra online con Supermercados Dia.
Dia Supermercado online
Pide hoy, recibe hoy
Entrega rápida y en la franja horaria que mejor te venga.
Envío desde 4,99€
Envío estándar por 4,99€. Gratis con +100€. Envío express por 4,99€.
Encuentra tu tienda
Localiza tu tienda y descubre las mejores ofertas.
Folletos
Descubre las mejores Ofertas.
Tarjeta CLUB Dia
Solicita tu tarjeta y disfruta las ventajas del club.
Glovo, Uber Eats y Just Eat
Solicita tu factura de Glovo, Uber Eats o Just Eat
EL BLOG DE DIA
·
RECETAS
·
EMPLEO
·
COLABORA CON DIA
·
ABRE TU TIENDA
·
DIA CORPORATE
Español
Atención al cliente
Política de privacidad
Aviso legal
Condiciones de compra